@book{allen1989computer,
  title={Computer Simulation of Liquids},
  author={Allen, M. P. and Tildesley, D. J.},
  year={1989},
  publisher={Oxford University Press}
}

@book{mcquarrie2000statistical,
  title={Statistical Mechanics},
  author={McQuarrie, D. A.},
  year={2000},
  publisher={University Science Books}
}

@book{frenkel2002understanding,
  title={Understanding Molecular Simulation: From Algorithms to Applications},
  author={Frenkel, D. and Smit, B.},
  year={2002},
  publisher={Academic Press}
}

@article{vollmayr2020introduction,
  title={Introduction to molecular dynamics simulations},
  author={Vollmayr-Lee, K.},
  journal={American Journal of Physics},
  volume={88},
  pages={401},
  year={2020},
  publisher={American Association of Physics Teachers}
}

@article{martyna1992nose,
  title={Nose-Hoover chains: The canonical ensemble via continuous dynamics},
  author={Martyna, G. J. and Klein, M. L. and Tuckerman, M.},
  journal={The Journal of Chemical Physics},
  volume={97},
  number={4},
  pages={2635--2643},
  year={1992},
  publisher={AIP Publishing}
}

@article{kirova2015viscosity,
  title={Viscosity of simple and complex fluids from molecular dynamics simulations},
  author={Kirova, E. G. and Pisarev, V. V.},
  journal={Computational Materials Science},
  volume={102},
  pages={267--275},
  year={2015},
  publisher={Elsevier}
}

@article{kob1994scaling,
  title={Scaling behavior in the $\beta$-relaxation regime of a supercooled Lennard-Jones mixture},
  author={Kob, Walter and Andersen, Hans C.},
  journal={Physical Review Letters},
  volume={73},
  number={10},
  pages={1376--1379},
  year={1994},
  publisher={APS}
}

@report{schwarz1996bulk,
  title={Bulk metallic glass formation in the Pd-Ni-P and Pd-Cu-P alloy systems},
  author={Schwarz, R.B. and He, Y.},
  institution={Los Alamos National Laboratory},
  year={1996},
  number={LA-UR--97-125},
  url={https://digital.library.unt.edu/ark:/67531/metadc683392/}
}

@article{kob1995testing,
  title={Testing mode-coupling theory for a supercooled binary Lennard-Jones mixture: The van Hove correlation function},
  author={Kob, Walter and Andersen, Hans C.},
  journal={Physical Review E},
  volume={51},
  number={5},
  pages={4626--4641},
  year={1995},
  publisher={APS}
}
